[gd_scene load_steps=26 format=3 uid="uid://b0lf1dk2exqf2"]

[ext_resource type="Shader" path="res://Shaders/player.gdshader" id="1_p2lst"]
[ext_resource type="Script" path="res://Scripts/Character.gd" id="2_4u7q1"]
[ext_resource type="Texture2D" uid="uid://d1c88g0j02c0q" path="res://Images/Apparences/Objets/fluegel.bmp" id="2_fsua7"]
[ext_resource type="Script" path="res://Scripts/Inventory.gd" id="5_uba6y"]

[sub_resource type="ShaderMaterial" id="ShaderMaterial_4t3x4"]
shader = ExtResource("1_p2lst")
shader_parameter/u_color_key = null
shader_parameter/u_replacement_color = Color(0, 0, 0, 0)
shader_parameter/tolerance = 0.05
shader_parameter/start_x = 0.0
shader_parameter/end_x = 1.0
shader_parameter/start_y = 0.0
shader_parameter/end_y = 1.0

[sub_resource type="CapsuleShape2D" id="CapsuleShape2D_i1dgw"]
radius = 5.0
height = 10.0

[sub_resource type="Animation" id="Animation_weogm"]
length = 0.001
step = 0.3
tracks/0/type = "value"
tracks/0/imported = false
tracks/0/enabled = true
tracks/0/path = NodePath("Skin:frame")
tracks/0/interp = 1
tracks/0/loop_wrap = true
tracks/0/keys = {
"times": PackedFloat32Array(0),
"transitions": PackedFloat32Array(1),
"update": 1,
"values": [7]
}
tracks/1/type = "value"
tracks/1/imported = false
tracks/1/enabled = true
tracks/1/path = NodePath("Skin/Wings:frame")
tracks/1/interp = 1
tracks/1/loop_wrap = true
tracks/1/keys = {
"times": PackedFloat32Array(0),
"transitions": PackedFloat32Array(1),
"update": 1,
"values": [1]
}
tracks/2/type = "value"
tracks/2/imported = false
tracks/2/enabled = true
tracks/2/path = NodePath("Skin/Wings:show_behind_parent")
tracks/2/interp = 1
tracks/2/loop_wrap = true
tracks/2/keys = {
"times": PackedFloat32Array(0),
"transitions": PackedFloat32Array(1),
"update": 1,
"values": [true]
}

[sub_resource type="Animation" id="Animation_d7irx"]
resource_name = "idle"
length = 0.9
loop_mode = 1
step = 0.3
tracks/0/type = "value"
tracks/0/imported = false
tracks/0/enabled = true
tracks/0/path = NodePath("Skin:frame")
tracks/0/interp = 1
tracks/0/loop_wrap = true
tracks/0/keys = {
"times": PackedFloat32Array(0),
"transitions": PackedFloat32Array(1),
"update": 1,
"values": [7]
}
tracks/1/type = "value"
tracks/1/imported = false
tracks/1/enabled = true
tracks/1/path = NodePath("Skin/Wings:frame")
tracks/1/interp = 1
tracks/1/loop_wrap = true
tracks/1/keys = {
"times": PackedFloat32Array(0, 0.3, 0.6),
"transitions": PackedFloat32Array(1, 1, 1),
"update": 1,
"values": [7, 6, 8]
}
tracks/2/type = "value"
tracks/2/imported = false
tracks/2/enabled = true
tracks/2/path = NodePath("Skin/Wings:show_behind_parent")
tracks/2/interp = 1
tracks/2/loop_wrap = true
tracks/2/keys = {
"times": PackedFloat32Array(0),
"transitions": PackedFloat32Array(1),
"update": 1,
"values": [true]
}

[sub_resource type="Animation" id="Animation_b6wvh"]
resource_name = "walk_down"
length = 0.9
loop_mode = 1
step = 0.3
tracks/0/type = "value"
tracks/0/imported = false
tracks/0/enabled = true
tracks/0/path = NodePath("Skin:frame")
tracks/0/interp = 1
tracks/0/loop_wrap = true
tracks/0/keys = {
"times": PackedFloat32Array(0, 0.3, 0.6),
"transitions": PackedFloat32Array(1, 1, 1),
"update": 1,
"values": [7, 6, 8]
}
tracks/1/type = "value"
tracks/1/imported = false
tracks/1/enabled = true
tracks/1/path = NodePath("Skin/Wings:frame")
tracks/1/interp = 1
tracks/1/loop_wrap = true
tracks/1/keys = {
"times": PackedFloat32Array(0, 0.3, 0.6),
"transitions": PackedFloat32Array(1, 1, 1),
"update": 1,
"values": [7, 6, 8]
}
tracks/2/type = "value"
tracks/2/imported = false
tracks/2/enabled = true
tracks/2/path = NodePath("Skin/Wings:show_behind_parent")
tracks/2/interp = 1
tracks/2/loop_wrap = true
tracks/2/keys = {
"times": PackedFloat32Array(0),
"transitions": PackedFloat32Array(1),
"update": 1,
"values": [true]
}

[sub_resource type="Animation" id="Animation_blkbp"]
resource_name = "walk_left"
length = 0.9
loop_mode = 1
step = 0.3
tracks/0/type = "value"
tracks/0/imported = false
tracks/0/enabled = true
tracks/0/path = NodePath("Skin:frame")
tracks/0/interp = 1
tracks/0/loop_wrap = true
tracks/0/keys = {
"times": PackedFloat32Array(0, 0.3, 0.6),
"transitions": PackedFloat32Array(1, 1, 1),
"update": 1,
"values": [10, 9, 11]
}
tracks/1/type = "value"
tracks/1/imported = false
tracks/1/enabled = true
tracks/1/path = NodePath("Skin/Wings:frame")
tracks/1/interp = 1
tracks/1/loop_wrap = true
tracks/1/keys = {
"times": PackedFloat32Array(0, 0.3, 0.6),
"transitions": PackedFloat32Array(1, 1, 1),
"update": 1,
"values": [10, 9, 11]
}
tracks/2/type = "value"
tracks/2/imported = false
tracks/2/enabled = true
tracks/2/path = NodePath("Skin/Wings:show_behind_parent")
tracks/2/interp = 1
tracks/2/loop_wrap = true
tracks/2/keys = {
"times": PackedFloat32Array(0),
"transitions": PackedFloat32Array(1),
"update": 1,
"values": [true]
}

[sub_resource type="Animation" id="Animation_tgqka"]
resource_name = "walk_right"
length = 0.9
loop_mode = 1
step = 0.3
tracks/0/type = "value"
tracks/0/imported = false
tracks/0/enabled = true
tracks/0/path = NodePath("Skin:frame")
tracks/0/interp = 1
tracks/0/loop_wrap = true
tracks/0/keys = {
"times": PackedFloat32Array(0, 0.3, 0.6),
"transitions": PackedFloat32Array(1, 1, 1),
"update": 1,
"values": [4, 3, 5]
}
tracks/1/type = "value"
tracks/1/imported = false
tracks/1/enabled = true
tracks/1/path = NodePath("Skin/Wings:frame")
tracks/1/interp = 1
tracks/1/loop_wrap = true
tracks/1/keys = {
"times": PackedFloat32Array(0, 0.3, 0.6),
"transitions": PackedFloat32Array(1, 1, 1),
"update": 1,
"values": [4, 3, 5]
}
tracks/2/type = "value"
tracks/2/imported = false
tracks/2/enabled = true
tracks/2/path = NodePath("Skin/Wings:show_behind_parent")
tracks/2/interp = 1
tracks/2/loop_wrap = true
tracks/2/keys = {
"times": PackedFloat32Array(0),
"transitions": PackedFloat32Array(1),
"update": 1,
"values": [true]
}

[sub_resource type="Animation" id="Animation_nokjw"]
resource_name = "walk_up"
length = 0.9
loop_mode = 1
step = 0.3
tracks/0/type = "value"
tracks/0/imported = false
tracks/0/enabled = true
tracks/0/path = NodePath("Skin:frame")
tracks/0/interp = 1
tracks/0/loop_wrap = true
tracks/0/keys = {
"times": PackedFloat32Array(0, 0.3, 0.6),
"transitions": PackedFloat32Array(1, 1, 1),
"update": 1,
"values": [1, 0, 2]
}
tracks/1/type = "value"
tracks/1/imported = false
tracks/1/enabled = true
tracks/1/path = NodePath("Skin/Wings:frame")
tracks/1/interp = 1
tracks/1/loop_wrap = true
tracks/1/keys = {
"times": PackedFloat32Array(0, 0.3, 0.6),
"transitions": PackedFloat32Array(1, 1, 1),
"update": 1,
"values": [1, 0, 2]
}
tracks/2/type = "value"
tracks/2/imported = false
tracks/2/enabled = true
tracks/2/path = NodePath("Skin/Wings:show_behind_parent")
tracks/2/interp = 1
tracks/2/loop_wrap = true
tracks/2/keys = {
"times": PackedFloat32Array(0),
"transitions": PackedFloat32Array(1),
"update": 1,
"values": [false]
}

[sub_resource type="AnimationLibrary" id="AnimationLibrary_phbsn"]
_data = {
"RESET": SubResource("Animation_weogm"),
"idle": SubResource("Animation_d7irx"),
"walk_down": SubResource("Animation_b6wvh"),
"walk_left": SubResource("Animation_blkbp"),
"walk_right": SubResource("Animation_tgqka"),
"walk_up": SubResource("Animation_nokjw")
}

[sub_resource type="AnimationNodeAnimation" id="AnimationNodeAnimation_srx8y"]
animation = &"idle"

[sub_resource type="AnimationNodeAnimation" id="AnimationNodeAnimation_j5rw2"]
animation = &"walk_down"

[sub_resource type="AnimationNodeAnimation" id="AnimationNodeAnimation_sjko4"]
animation = &"walk_up"

[sub_resource type="AnimationNodeAnimation" id="AnimationNodeAnimation_genpp"]
animation = &"walk_right"

[sub_resource type="AnimationNodeAnimation" id="AnimationNodeAnimation_smhok"]
animation = &"walk_left"

[sub_resource type="AnimationNodeBlendSpace2D" id="AnimationNodeBlendSpace2D_wlgvr"]
blend_point_0/node = SubResource("AnimationNodeAnimation_j5rw2")
blend_point_0/pos = Vector2(0, 1.1)
blend_point_1/node = SubResource("AnimationNodeAnimation_sjko4")
blend_point_1/pos = Vector2(0, -1.1)
blend_point_2/node = SubResource("AnimationNodeAnimation_genpp")
blend_point_2/pos = Vector2(1, 0)
blend_point_3/node = SubResource("AnimationNodeAnimation_smhok")
blend_point_3/pos = Vector2(-1, 0)
min_space = Vector2(-1, -1.1)
max_space = Vector2(1, 1.1)
blend_mode = 1

[sub_resource type="AnimationNodeTimeScale" id="AnimationNodeTimeScale_nrydv"]

[sub_resource type="AnimationNodeBlendTree" id="AnimationNodeBlendTree_vwhpa"]
graph_offset = Vector2(36.2377, -34.8192)
nodes/Input/node = SubResource("AnimationNodeBlendSpace2D_wlgvr")
nodes/Input/position = Vector2(260, 80)
nodes/TimeScale/node = SubResource("AnimationNodeTimeScale_nrydv")
nodes/TimeScale/position = Vector2(520, 100)
nodes/output/position = Vector2(720, 120)
node_connections = [&"TimeScale", 0, &"Input", &"output", 0, &"TimeScale"]

[sub_resource type="AnimationNodeStateMachineTransition" id="AnimationNodeStateMachineTransition_u6vvk"]
advance_mode = 2

[sub_resource type="AnimationNodeStateMachineTransition" id="AnimationNodeStateMachineTransition_3f1wt"]

[sub_resource type="AnimationNodeStateMachineTransition" id="AnimationNodeStateMachineTransition_rmgaf"]

[sub_resource type="AnimationNodeStateMachine" id="AnimationNodeStateMachine_vluyr"]
states/End/position = Vector2(925, 100)
states/Idle/node = SubResource("AnimationNodeAnimation_srx8y")
states/Idle/position = Vector2(330, 100)
states/Walk/node = SubResource("AnimationNodeBlendTree_vwhpa")
states/Walk/position = Vector2(505, 100)
transitions = ["Start", "Idle", SubResource("AnimationNodeStateMachineTransition_u6vvk"), "Idle", "Walk", SubResource("AnimationNodeStateMachineTransition_3f1wt"), "Walk", "Idle", SubResource("AnimationNodeStateMachineTransition_rmgaf")]

[node name="Character" type="CharacterBody2D"]
material = SubResource("ShaderMaterial_4t3x4")
position = Vector2(0, 1)
collision_layer = 0
motion_mode = 1
platform_on_leave = 2
script = ExtResource("2_4u7q1")
metadata/_edit_group_ = true

[node name="Skin" type="Sprite2D" parent="."]
use_parent_material = true
position = Vector2(0, -10)
hframes = 3
vframes = 4
frame = 7
region_enabled = true
region_rect = Rect2(0, 0, 72, 128)

[node name="Wings" type="Sprite2D" parent="Skin"]
visible = false
show_behind_parent = true
use_parent_material = true
texture = ExtResource("2_fsua7")
hframes = 3
vframes = 4
frame = 1

[node name="PhysicalHitbox" type="CollisionShape2D" parent="."]
shape = SubResource("CapsuleShape2D_i1dgw")
disabled = true

[node name="AnimationPlayer" type="AnimationPlayer" parent="."]
libraries = {
"": SubResource("AnimationLibrary_phbsn")
}

[node name="AnimationTree" type="AnimationTree" parent="."]
callback_mode_method = 1
libraries = {
"": SubResource("AnimationLibrary_phbsn")
}
tree_root = SubResource("AnimationNodeStateMachine_vluyr")
anim_player = NodePath("../AnimationPlayer")
parameters/Walk/Input/blend_position = Vector2(0, 0)
parameters/Walk/TimeScale/scale = 1.0

[node name="Area2D" type="Area2D" parent="."]
collision_layer = 0

[node name="InterractionHitbox" type="CollisionShape2D" parent="Area2D"]
shape = SubResource("CapsuleShape2D_i1dgw")

[node name="Inventory" type="Node" parent="."]
script = ExtResource("5_uba6y")

[node name="HarvestResourceTimer" type="Timer" parent="Inventory"]

[connection signal="frame_changed" from="Skin" to="." method="_on_sprite_2d_frame_changed"]
[connection signal="area_entered" from="Area2D" to="." method="_on_area_2d_area_entered"]
[connection signal="area_exited" from="Area2D" to="." method="_on_area_2d_area_exited"]
[connection signal="timeout" from="Inventory/HarvestResourceTimer" to="Inventory" method="_on_harvest_resource_timer_timeout"]
